<?xml version="1.0" encoding="UTF-8"?><collection xmlns="http://www.loc.gov/MARC21/slim"><record><leader>00357nam--2200145-i-4500</leader><controlfield tag="001">000008236</controlfield><controlfield tag="002">20161230</controlfield><controlfield tag="005">20170114222759</controlfield><controlfield tag="008">060222s1000------------r-----000-0-eng-d</controlfield><datafield ind1=" " ind2=" " tag="080"><subfield code="a">539.14</subfield></datafield><datafield ind1=" " ind2=" " tag="245"><subfield code="a">Aed-conf. 1966 223-10</subfield></datafield><datafield ind1=" " ind2=" " tag="260"><subfield code="a">Los Angeles,California</subfield><subfield code="b">Univerity</subfield><subfield code="c">1966</subfield></datafield><datafield ind1=" " ind2=" " tag="300"><subfield code="a">4 p. Fotocopii</subfield></datafield><datafield ind1=" " ind2=" " tag="852"><subfield code="a">27523</subfield></datafield><datafield ind1=" " ind2=" " tag="CAT"><subfield code="a">SYS</subfield><subfield code="c">20170114</subfield><subfield code="h">222759</subfield></datafield></record></collection>